<?xml version="1.0" encoding="UTF-8"?><record xmlns="http://www.loc.gov/MARC21/slim" xmlns:cinclude="http://apache.org/cocoon/include/1.0" xmlns:zs="http://www.loc.gov/zing/srw/">
  <leader>00452nz  a2200121n  4500</leader>
  <controlfield tag="001">n  94009978 </controlfield>
  <controlfield tag="003">DLC</controlfield>
  <controlfield tag="005">19940202093638.2</controlfield>
  <controlfield tag="008">940202n| acannaab|          |n ana |||  </controlfield>
  <datafield tag="010" ind1=" " ind2=" ">
    <subfield code="a">n  94009978 </subfield>
  </datafield>
  <datafield tag="040" ind1=" " ind2=" ">
    <subfield code="a">DLC</subfield>
    <subfield code="c">DLC</subfield>
  </datafield>
  <datafield tag="110" ind1="2" ind2="0">
    <subfield code="a">Portland Terminal Railroad Company.</subfield>
    <subfield code="b">VC Telegraph Office</subfield>
  </datafield>
  <datafield tag="670" ind1=" " ind2=" ">
    <subfield code="a">NUCMC data from Nat. Ry. Hist. Soc., Pacific N.W. Chapter (Portland, Or.) for Its Records, 1960-1968</subfield>
    <subfield code="b">(Portland Terminal Railroad Company, VC Telegraph Office)</subfield>
  </datafield>
</record>